<collection xmlns="http://www.loc.gov/MARC21/slim">
<record>
  <leader>00994nam0a22002171i 450 </leader>
  <controlfield tag="001">IT\ICCU\CNCE\068038</controlfield>
  <controlfield tag="005">20080208000000.0</controlfield>
  <datafield tag="012" ind1=" " ind2=" ">
    <subfield code="a">i.V. *-18 1613 8079 (C) 1545 (A)</subfield>
    <subfield code="2">fei</subfield>
  </datafield>
  <datafield tag="100" ind1=" " ind2=" ">
    <subfield code="a">20060913d1545        0itac0103    ba</subfield>
  </datafield>
  <datafield tag="101" ind1=" " ind2=" ">
    <subfield code="a">ITA</subfield>
  </datafield>
  <datafield tag="102" ind1=" " ind2=" ">
    <subfield code="a">IT</subfield>
  </datafield>
  <datafield tag="200" ind1="1" ind2=" ">
    <subfield code="a">Tariffa de tutti li ori che correno per il mondo, redutti da li suoi precii in ducati correnti</subfield>
  </datafield>
  <datafield tag="210" ind1=" " ind2=" ">
    <subfield code="e">Vinegia</subfield>
    <subfield code="g">Giovanni Antonio e Pietro Nicolini da Sabbio</subfield>
    <subfield code="h">1545 del mese di Gienaro</subfield>
  </datafield>
  <datafield tag="215" ind1=" " ind2=" ">
    <subfield code="a">\86! c.</subfield>
    <subfield code="d">12ʻ</subfield>
  </datafield>
  <datafield tag="620" ind1=" " ind2=" ">
    <subfield code="a">IT</subfield>
    <subfield code="d">Venezia</subfield>
  </datafield>
  <datafield tag="700" ind1=" " ind2="1">
    <subfield code="a">Mariani,</subfield>
    <subfield code="b">Giovanni</subfield>
    <subfield code="3">IT\ICCU\CNCA\010133</subfield>
  </datafield>
  <datafield tag="712" ind1="0" ind2="0">
    <subfield code="a">Nicolini da Sabbio, Giovanni Antonio &amp; Nicolini da Sabbio, Pietro</subfield>
    <subfield code="3">IT\ICCU\CNCT\000058</subfield>
    <subfield code="4">650</subfield>
  </datafield>
  <datafield tag="790" ind1=" " ind2="1">
    <subfield code="a">Mariani,</subfield>
    <subfield code="b">Zuane</subfield>
    <subfield code="3">IT\ICCU\CNCA\020958</subfield>
    <subfield code="z">Mariani, Giovanni</subfield>
  </datafield>
  <datafield tag="791" ind1="0" ind2="0">
    <subfield code="a">Sabio, Ioannes Antonius de &amp; Sabio, Petrus de</subfield>
    <subfield code="3">IT\ICCU\CNCT\002431</subfield>
    <subfield code="z">Nicolini da Sabbio, Giovanni Antonio &amp; Nicolini da Sabbio, Pietro</subfield>
  </datafield>
  <datafield tag="801" ind1=" " ind2="3">
    <subfield code="a">IT</subfield>
    <subfield code="b">ICCU</subfield>
    <subfield code="c">20201115</subfield>
  </datafield>
  <datafield tag="899" ind1=" " ind2=" ">
    <subfield code="a">Fondazione Biblioteca S. Bernardino. Trento</subfield>
    <subfield code="1">TN0122</subfield>
    <subfield code="2">ZTN 18</subfield>
  </datafield>
</record>
</collection>
